@inproceedings{anastasiu-dsaa2016,
   author    = {David C. Anastasiu and George Karypis},
   title     = {Efficient Identification of Tanimoto Nearest Neighbors},
   booktitle = {2016 IEEE International Conference on Data Science and Advanced Analytics (DSAA)},
   series    = {DSAA '16},
   year      = {2016},
   pages     = {156-165},
   location  = {Montr\'{e}al, Canada},
}

@online{calfire,
    author={California Department of Forestry and Fire Protection (CAL FIRE)},
    title={Stats and Events},
    url={https://www.fire.ca.gov/stats-events/},
    urldate={2020-10-01}
}

 @online{NICI,
    author={National Interagency Coordination Center},
    title={Total Wildland Fires and Acres (1926-2019)},
    url={https://www.nifc.gov/fireInfo/fireInfo_stats_totalFires.html},
    urldate={2020-10-01}
    }

@article{Jayachandran2009,
   author = {Seema Jayachandran},
   title = {Air Quality and Early-Life Mortality Evidence from Indonesia's Wildfires},
   year = {2009},
   month = {10},
   pages = {916-954},
   volume = {44},
   doi = {10.3386/w14011}
}
